@manual{Praktikumsunterlagen,
  organization = {Universität Kassel, Experimentalphysik IV - AG Ehresmann},
  title = {Physikalisches Praktikum für Elektrotechniker},
  year = 2023,
  url = {https://moodle.uni-kassel.de/course/view.php?id=8068}
}
@book{Walcher2004,
    author="Walcher, Wilhelm",
    title="Praktikum der Physik",
    year="2004",
    publisher="Vieweg+Teubner Verlag",
    address="Wiesbaden",
    isbn="978-3-322-94128-2",
    doi="10.1007/978-3-322-94128-2",
    url="https://doi.org/10.1007/978-3-322-94128-2"
}
@book{Tipler2015,
    author="Tipler, Paul A. and Mosca, Gene",
    editor="Wagner, Jenny",
    title="Physik: f{\"u}r Wissenschaftler und Ingenieure",
    year="2015",
    publisher="Springer Berlin Heidelberg",
    isbn="978-3-642-54166-7",
    doi="10.1007/978-3-642-54166-7",
    url="https://doi.org/10.1007/978-3-642-54166-7"
}
@book{Westphal1971,
    author="Westphal, Wilhelm H.",
    title="Physikalisches Praktikum: Eine Sammlung von {\"U}bungsaufgaben mit einer Einf{\"u}hrung in die Grundlagen des physikalischen Messens",
    year="1971",
    publisher="Vieweg+Teubner Verlag",
    address="Wiesbaden",
    isbn="978-3-663-01918-3",
    doi="10.1007/978-3-663-01918-3",
    url="https://doi.org/10.1007/978-3-663-01918-3"
}
